<collection xmlns="http://www.loc.gov/MARC21/slim"><record><leader>00555nam  2200169   450</leader><controlfield tag="001">805</controlfield><controlfield tag="003">http://montalegre.opacnet.com/OPAC/default.aspx?ContentAreaControl=ShowRegHoldings.ascx&amp;RegNo=16662</controlfield><datafield tag="100" ind1=" " ind2=" "><subfield code="a">20061013d1985    k  y0pora0103    ba</subfield></datafield><datafield tag="101" ind1="0" ind2=" "><subfield code="a">por</subfield></datafield><datafield tag="102" ind1=" " ind2=" "><subfield code="a">PT</subfield></datafield><datafield tag="200" ind1="1" ind2=" "><subfield code="a">&lt;Um &gt;falcão no punho</subfield><subfield code="e">diário 1</subfield><subfield code="f">Maria Gabriela Llansol</subfield></datafield><datafield tag="210" ind1=" " ind2=" "><subfield code="a">Lisboa</subfield><subfield code="c">Rolim</subfield><subfield code="d">imp. 1985</subfield></datafield><datafield tag="215" ind1=" " ind2=" "><subfield code="a">164, [4] p.</subfield><subfield code="d">23 cm</subfield></datafield><datafield tag="675" ind1=" " ind2=" "><subfield code="a">821</subfield></datafield><datafield tag="700" ind1=" " ind2="1"><subfield code="a">Llansol</subfield><subfield code="b">Maria Gabriela</subfield><subfield code="f">1931-</subfield><subfield code="3">79199</subfield></datafield><datafield tag="801" ind1=" " ind2="0"><subfield code="a">PT</subfield><subfield code="b">Biblioteca Municipal de Montalegre</subfield><subfield code="g">RPC</subfield></datafield><datafield tag="856" ind1=" " ind2=" "><subfield code="u">locateMedia.asp?cod=20060622152944&amp;ext=jpg</subfield><subfield code="z">CAPA</subfield></datafield><datafield tag="909" ind1="&#9;" ind2=" "><subfield code="a">1</subfield></datafield><datafield tag="966" ind1=" " ind2=" "><subfield code="a">0008943</subfield><subfield code="l">BMM</subfield><subfield code="s">SCG 821 LLA fal</subfield></datafield></record></collection>